@book{resnick,
author = {Resnick, Sidney I.},
title = {Adventures in stochastic processes},
year = {1992},
isbn = {0817635912},
publisher = {Birkhauser Verlag},
address = {CHE},
note = {\href{https://dafuzhuu.github.io/stochastic-process/pdf/Resnick.pdf}{[Link]}}
}

@book{grimmett,
  abstract = {This textbook provides a wide-ranging and entertaining indroduction to probability and random processes and many of their practical applications. It includes many exercises and problems with solutions.},
  added-at = {2016-02-17T14:41:35.000+0100},
  address = {Oxford; New York},
  author = {Grimmett, Geoffrey and Stirzaker, David},
  biburl = {https://www.bibsonomy.org/bibtex/29fffae34d5addcd814a03275ea6284de/krassi},
  interhash = {9e023bc0f37e304148d2a3cd4abf32f6},
  intrahash = {9fffae34d5addcd814a03275ea6284de},
  isbn = {0198572239 9780198572237 0198572220 9780198572220},
  keywords = {probability random},
  publisher = {Oxford University Press},
  refid = {46928776},
  timestamp = {2016-02-17T14:41:35.000+0100},
  title = {Probability and random processes},
  doi = {10.1017/mag.2022.154}
  year = 2001
}

@book{durrett,
author = {Durrett, Rick},
year = {1999},
month = {01},
pages = {},
title = {Essentials of Stochastic Processes},
doi = {10.1007/978-1-4614-3615-7}
}

@book{calculus,
  title     = {微积分学教程},
  author    = {菲赫金哥尔茨},
  translator= {徐献瑜，冷生明，梁文骐},
  editor    = {郭思旭},
  publisher = {高等教育出版社},
  year      = {2006},
  volume    = {2},
  edition   = {8},
  address   = {北京},
  language  = {中文},
  isbn      = {7-04-018304-8}
}

@article{handout_SMP,
  title = {强马氏性v2},
  year = {2025},
  month = {03},
  day = {21},
  note = {\href{https://dafuzhuu.github.io/stochastic-process/pdf/强马氏性v2.pdf}{[Link]}}
}